25138@EYES.10640:1719813739