@article{chasu,

 author = {杨俊驹 and 林睿 and 王振华 and 孙立宁},

 title = {轮式移动机器人运动控制系统研究与设计},

 journal = {现代电子技术},

 volume = {39},

 number = {02},

 pages = {22-27},

 year = {2016},

 issn = {1004-373X},

 doi ={10.16652/j.issn.1004-373x.2016.02.007}

 }
@article{mac,
author = {张忠民 and 郑仁辉},
title = {基于模糊PID的麦克纳姆轮移动平台的控制算法},
journal = {应用科技},
volume = {44},
number = {06},
pages = {53-59},
year = {2017},
issn = {1009-671X},
doi ={}
}
@article{de2020automated,
  title={Automated guided vehicle systems, state-of-the-art control algorithms and techniques},
  author={De Ryck, Matthias and Versteyhe, Mark and Debrouwere, Frederik},
  journal={Journal of Manufacturing Systems},
  volume={54},
  pages={152--173},
  year={2020},
  publisher={Elsevier}
}

@misc{intro2023robot,
author = {Ralph},
title = {Line Follower Robot: Techniques And Technologies},
howpublished = {Website},
year = {2023},
}

@article{cao2024path,
  title={Path following for autonomous mobile robots with deep reinforcement learning},
  author={Cao, Yu and Ni, Kan and Kawaguchi, Takahiro and Hashimoto, Seiji},
  journal={Sensors},
  volume={24},
  number={2},
  year={2024},
  publisher={MDPI}
}


@misc{CCD,
author = {wezhonhang},
title = {STM32F103RCT6智能小车用CCD模块的循迹测评},
howpublished = {Website},
year = {2023},
}

@misc{opencv,
author = {叫我田小霖啦},
title = {OpenCV+TensorFlow简单的机器小车传统视觉寻迹},
howpublished = {Website},
year = {2023},
}